% This file was created with JabRef 2.10.
% Encoding: UTF8


@Misc{docker_adoption,
  Title                    = {8 surprising facts about real Docker adoption},

  Author                   = {{Datadog, Inc}},
  HowPublished             = {\url{https://www.datadoghq.com/docker-adoption/}},
  Month                    = {April},
  Note                     = {[Online; Zugriff am 03.12.2017]},
  Year                     = {2017},

  Owner                    = {Philipp Daniels},
  Timestamp                = {2017.12.03}
}

@Misc{about_docker,
  Title                    = {About {D}ocker},

  Author                   = {{Docker, Inc}},
  HowPublished             = {\url{https://www.docker.com/company}},
  Note                     = {[Online; Zugriff am 03.12.2017]},
  Year                     = {2017},

  Owner                    = {Philipp Daniels},
  Timestamp                = {2017.12.03}
}

@Misc{docker_compose,
  Title                    = {Overview of {D}ocker {C}ompose | {D}ocker {D}ocumentation},

  Author                   = {{Docker, Inc}},
  HowPublished             = {\url{https://docs.docker.com/compose/overview/}},
  Note                     = {[Online; Zugriff am 03.12.2017]},
  Year                     = {2017},

  Owner                    = {Philipp Daniels},
  Timestamp                = {2017.12.03}
}

@Misc{docker_swarm,
  Title                    = {Swarm mode overview | {D}ocker {D}ocumentation},

  Author                   = {{Docker, Inc}},
  HowPublished             = {\url{https://docs.docker.com/engine/swarm/}},
  Note                     = {[Online; Zugriff am 03.12.2017]},
  Year                     = {2017},

  Owner                    = {Philipp Daniels},
  Timestamp                = {2017.12.03}
}

@Misc{what_container,
  Title                    = {What is a {C}ontainer | {D}ocker},

  Author                   = {{Docker, Inc}},
  HowPublished             = {\url{https://www.docker.com/what-container}},
  Note                     = {[Online; Zugriff am 03.12.2017]},
  Year                     = {2017},

  Owner                    = {Philipp Daniels},
  Timestamp                = {2017.12.03}
}

@Misc{performance_container,
  Title                    = {An Updated Performance Comparison of Virtual Machines and Linux Containers},

  Author                   = {Felter, Wes and Ferreira, Alexandre and Ram Rajamony and Juan Rubio},
  HowPublished             = {\url{https://domino.research.ibm.com/library/cyberdig.nsf/papers/0929052195DD819C85257D2300681E7B}},
  Note                     = {[Online; Zugriff am 02.12.2017]},
  Year                     = {2014},

  Owner                    = {Philipp Daniels},
  Timestamp                = {2017.12.02}
}

@Misc{docker_for_windows,
  Title                    = {Introducing {D}ocker for {W}indows {S}erver 2016 - {D}ocker {B}log},

  Author                   = {Michael Friis},
  HowPublished             = {\url{https://blog.docker.com/2016/09/dockerforws2016/}},
  Month                    = {September},
  Note                     = {[Online; Zugriff am 03.12.2017]},
  Year                     = {2016},

  Owner                    = {Philipp Daniels},
  Timestamp                = {2017.12.03}
}

@Misc{software_container,
  Title                    = {Software Containers: Used More Frequently than Most Realize},

  Author                   = {Scott Hogg},
  HowPublished             = {\url{https://www.networkworld.com/article/2226996/cisco-subnet/software-containers--used-more-frequently-than-most-realize.html}},
  Month                    = {Mai},
  Year                     = {2014},

  Owner                    = {Philipp Daniels},
  Timestamp                = {2017.12.02}
}

@Misc{virtualization,
  Title                    = {An Introduction to Virtualization},

  Author                   = {Amit Singh},
  HowPublished             = {\url{http://www.kernelthread.com/publications/virtualization/}},
  Note                     = {[Online; Zugriff am 02.12.2017]},
  Year                     = {2004},

  Owner                    = {Philipp Daniels},
  Timestamp                = {2017.12.02}
}

@Misc{CVE-2017-4934,
  Title                    = {{CVE}-2017-4934},

  Author                   = {VMware},
  HowPublished             = {Verf√ºgbar auf {MITRE}, {CVE-ID} {CVE}-2017-4934},
  Note                     = {[Online; Zugriff am 02.12.2017]},
  Year                     = {2017},

  Owner                    = {Philipp Daniels},
  Timestamp                = {2017.12.02},
  Url                      = {\ulr{https://cve.mitre.org/cgi-bin/cvename.cgi?name=CVE-2017-4934}}
}

@Misc{wiki:hardware_virtual,
  Title                    = {Hardware virtualization - {W}ikipedia},

  Author                   = {Wikipedia},
  HowPublished             = {\url{https://en.wikipedia.org/w/index.php?title=Hardware_virtualization&oldid=807798605}},
  Note                     = {[Online; Zugriff am 02.12.2017]},
  Year                     = {2017},

  Owner                    = {Philipp Daniels},
  Timestamp                = {2017.12.02}
}

@Misc{wiki:os_level_virtual,
  Title                    = {Operating-system-level virtualization - {W}ikipedia},

  Author                   = {Wikipedia},
  HowPublished             = {\url{https://en.wikipedia.org/w/index.php?title=Operating-system-level_virtualization&oldid=812539528}},
  Note                     = {[Online; Zugriff am 02.12.2017]},
  Year                     = {2017},

  Owner                    = {Philipp Daniels},
  Timestamp                = {2017.12.02}
}

@Misc{wiki:virtualization,
  Title                    = {Virtualization - {W}ikipedia},

  Author                   = {Wikipedia},
  HowPublished             = {\url{https://en.wikipedia.org/w/index.php?title=Virtualization&oldid=809282098}},
  Note                     = {[Online; Zugriff am 02.12.2017]},
  Year                     = {2017},

  Owner                    = {Philipp Daniels},
  Timestamp                = {2017.12.02}
}

